% This file was created with JabRef 2.6.
% Encoding: UTF-8

@article{Hindenlang2012,
author = "Hindenlang, F. and Gassner, G.J. and Altmann, Ch. and Beck, A. and Staudenmaier, M. and Munz, C.-D.",
title = "{Explicit discontinuous Galerkin methods for unsteady problems}",
journal = "Comput. Fluids",
year = "2012",
doi = "10.1016/j.compfluid.2012.03.006"
}

@ARTICLE{dunepaperII:08,
  author = {Bastian, P. and Blatt, M. and Dedner, A. and Engwer, C. and Kl{\"o}fkorn, R. and Kornhuber, R. and
 Ohlberger, M. and Sander, O.},
  title = {{A Generic Grid Interface for Parallel and Adaptive Scientific Computing.
  Part {II}: Implementation and Tests in {DUNE}}},
  journal = {Computing},
  year = {2008},
  volume = {82},
  pages = {121--138},
  number = {2--3},
  doi = {http://www.springerlink.com/content/gn177r643q2168g7/},
  pdf ={http://www.matheon.de/preprints/4558_gridpaper_part2.pdf}
}
@ARTICLE{dunepaperI:08,
  author = {Bastian, P. and Blatt, M. and Dedner, A. and Engwer, C. and Kl{\"o}fkorn, R. and Ohlberger, M. and Sander, O.},
  title = {{A Generic Grid Interface for Parallel and Adaptive Scientific Computing.
  Part {I}: Abstract Framework}},
  journal = {Computing},
  year = {2008},
  volume = {82},
  pages = {103--119},
  number = {2--3},
  doi = {http://www.springerlink.com/content/4v77662363u41534/},
  pdf ={http://www.matheon.de/preprints/4556_gridpaper_part1.pdf}
}


@incollection{dunepara:05,
   author = {Burri, A. and Dedner, A. and Kl{\"o}fkorn, R. and Ohlberger, M.},
   title = {An efficient implementation of an adaptive and parallel grid in DUNE},
   booktitle = {Computational Science and High Performance Computing II},
   editor = {E. Krause et al.},
   publisher = {Springer},
   pages = {67-82},
   volume = {91},
   year = {2006},
   doi={http://dx.doi.org/10.1007/3-540-31768-6_7}
}


@ARTICLE{warburton,
   author = {{Kl{\"o}ckner}, A. and {Warburton}, T. and {Bridge}, J. and 
  {Hesthaven}, J.~S.},
    title = "{Nodal discontinuous Galerkin methods on graphics processors}",
  journal = {J. Comput. Phys.},
archivePrefix = "arXiv",
   eprint = {0901.1024},
 primaryClass = "math.NA",
     year = 2009,
    month = nov,
   volume = 228,
    pages = {7863-7882},
      doi = {10.1016/j.jcp.2009.06.041}
}


@incollection {perf:11,
   author = {Kl{\"o}fkorn, R. and Nolte, M.},
   title = {{Performance Pitfalls in the DUNE Grid Interface}},
   booktitle = {Advances in DUNE},
   editor = {Dedner, A. and Flemisch, B. and Kl{\"o}fkorn, R.},
   publisher = {Springer},
   year = {2012}
}


@article{parmetis,
author = {Schloegel, K. and Karypis, G. and Kumar, V},
title = {{Wavefront Diffusion and LMSR: Algorithms for Dynamic Repartitioning of Adaptive Meshes}},
journal = {IEEE Transactions on Parallel and Distributed Systems},
volume ={12},
number = {5},
pages = {451-466},
year = {2001}
}

@article{straka:93,
author = {Straka,~J.~M. and Wilhelmson,~R.~B. and Wicker,~L.~J. and Anderson,~J.~R. and Droegemeier,~K.~K.},
title = {{Numerical Solutions of a Non-Linear Density Current: A Benchmark Solution and Comparison.}},
journal = {Int.~J.~Num.~Meth.~Fluids},
volume = {17},
pages = {1-22},
year = {1993}
}


@article{GR08,
author = {Giraldo, F.X. and Restelli, M.},
title = {{A Study of Spectral Element and Discontinuous Galerkin
          Methods for the Navier-Stokes equations in Nonhydrostatic Mesoscale Atmospheric Modeling : Equations Sets and Test Cases.}},
journal = {J. Comput. Phys.},
volume = {227}, 
pages = {3849-3877},
year = {2008}
}

@article{hager:11,
  author={Schubert, G. and Fehske, H. and Hager, G. and Wellein, G.},
  title={Hybrid-parallel sparse matrix-vector multiplication with explicit communication overlap on current multicore-based systems},
  journal={Parallel Processing Letters},
  volume ={21},
  number = {3},
  pages = {39-358},
  year ={2011}
}


@inproceedings{likwid,
 author               = {Treibig, J. and Hager, G. and Wellein, G.},
 booktitle            = {Proceedings of PSTI2010, the First International Workshop on Parallel Software Tools and Tool Infrastructures},
 title                = {LIKWID: A lightweight performance-oriented tool suite for x86 multicore environments},
 year                 = {2010},
 address = {San Diego CA},
 }

@book{mpi22,
author = {Message Passing Interface Forum},
title = {{MPI: A Message-Passing Interface Standard. Version 2.2}},
publisher ={High Performance Computing Center Stuttgart (HLRS)},
year = {2009}
}

@ARTICLE{cdg2:10,
  author = {Brdar, S. and Dedner, A. and Kl{\"o}fkorn, R.},
  title = {{Compact and stable Discontinuous Galerkin methods for convection-diffusion
  problems.}},
  institution = {Mathematisches Institut, Universit{\"a}t Freiburg},
  year = {2012},
  volume = {34},
  number = {1},
  journal = {SIAM J. Sci. Comput.},
  doi = {http://dx.doi.org/10.1137/100817528}
}


@article{burzun:06,
author="Burman, E. and Zunino, P.",
title="{A domain decomposition method based on weighted interior penalties for
    advection-diffusion-reaction problems.}",
language="English",
journal="SIAM J. Numer. Anal. ",
volume="44",
number="4",
pages="1612-1638",
year="2006",
doi={10.1137/050634736}
}

@MISC{BLASsite,
  author = {BLAS website},
  howpublished = {http://www.netlib.org/blas/}
}

@ARTICLE{ainsworth:09,
  author = {Ainsworth, M. and Rankin, R.},
  title = {{Constant free error bounds for nonuniform order discontinuous Galerkin
	finite-element approximation on locally refined meshes with hanging
	nodes}},
  journal = {IMA Journal of Numerical Analysis},
  year = {2009},
  doi = {10.1093/imanum/drp025},
  language = {English}
}

@BOOK{moderncpp,
  title = {Modern {C++} {D}esign},
  publisher = {Addison Wesley},
  year = {2001},
  author = {A. Alexandrescu}
}

@ARTICLE{AndersonMcFaddenWheeler98,
  author = {Anderson, D.M. and McFadden, G.B. and Wheeler, A.A.},
  title = {Diffuse interface methods in fluid mechanics},
  journal = {Ann. Rev. Fluid Mech.},
  year = {1998},
  volume = {30},
  pages = {139-165}
}

@ARTICLE{Antanovskii96,
  author = {Antanovskii, L.K.},
  title = {Microscale theory of surface tension},
  journal = {Phys. Rev.},
  year = {1996},
  volume = {E54},
  pages = {6285-6290}
}

@ARTICLE{uni:02,
  author = {Arnold, D.N. and Brezzi, F. and Cockburn, B. and Marini, L.D.},
  title = {{Unified analysis of discontinuous Galerkin methods for elliptic
	problems.}},
  journal = {SIAM J. Numer. Anal.},
  year = {2002},
  volume = {39},
  pages = {1749-1779},
  number = {5},
  language = {English}
}

@ARTICLE{Arnold1982,
  author = {Arnold, D. N.},
  title = {An interior penalty finite element method with discontinuous elements},
  journal = {SIAM J. Numer. Anal.},
  year = {1982},
  volume = {19},
  pages = {742-760},
  owner = {slavko},
  timestamp = {2010.05.04}
}

@ARTICLE{cg:90,
  author = {Ashby, S. F. and Manteuffel, Th. A. and Saylor, P. E.},
  title = {{A taxonomy for conjugate gradient methods.}},
  journal = {SIAM J. Numer. Anal.},
  year = {1990},
  volume = {27},
  pages = {1542-1568},
  number = {6},
  language = {English}
}

@TECHREPORT{Atkins96,
  author = {H. L. Atkins and C.-W. Shu},
  title = {QUADRATURE-FREE IMPLEMENTATION OF DISCONTINUOUS GALERKIN METHOD FOR
	HYPERBOLIC EQUATIONS},
  year = {1996},
  number = {TR-96-51},
  url = {citeseer.ist.psu.edu/atkins96quadraturefree.html}
}

@INPROCEEDINGS{Baensch:93,
  author = {B\"ansch, E.},
  title = {{Adaptive Finite--Element Techniques for the Navier--Stokes Equations
	and other Transient Problems}},
  booktitle = {Adaptive Finite Element and Boundary Element Methods},
  year = {1993},
  publisher = {Elsvier}
}

@ARTICLE{BH05,
  author = {Babin, V. and Holyst, R.},
  title = {Condensation of a vapor bubble in submicrometer container},
  journal = {J. Chem. Phys.},
  year = {2005},
  volume = {123}
}

@ARTICLE{BaderAscher87,
  author = {Bader, G. and Ascher, U.},
  title = {A new basis implementation for a mixed order boundary value ODE solver.},
  journal = {SIAM J. Sci. Stat. Comput.},
  year = {1987},
  volume = {8},
  pages = {483-500}
}

@INCOLLECTION{Ball84,
  author = {Ball, J.M.},
  title = {Material instabilities and the calculus of variations},
  booktitle = {Phase transformations and material instabilities in solids, Proc.
	Conf.},
  publisher = {Madison/Wis. 1983, Publ. Math. Res. Cent. Univ. Wis. Madison 52},
  year = {1984},
  pages = {1-19}
}

@INPROCEEDINGS{bank:83,
  author = {Bank, R.E. and Sherman, A.H. and Weiser A.},
  title = {{Some refinement algorithms and data structures for regular local
	mesh refinement.}},
  booktitle = { Scientific Computing. The mathematics of finite elements and applications.
	Highlights 1993. Proceedings of the 8th conference on the mathematics
	of finite elements and applications, MAFELAP '93, held at Brunel
	University, Uxbridge, UK, April 27-30, 1993},
  year = {1983},
  pages = {3-17},
  publisher = {IMACS North Holland},
  editors = {Stepleman, R.}
}

@ARTICLE{BR97,
  author = {Bassi, F. and Rebay, S.},
  title = {A high-order accurate discontinuous finite element method for the
	numerical solution of the compressible {N}avier-{S}tokes equations.},
  journal = {J. Comput. Phys.},
  year = {1997},
  volume = {131},
  pages = {267-279},
  number = {2}
}

@CONFERENCE{Bassi1997,
  author = {Bassi, F. and Rebay, S. and Mariotti, G. and Pedinotti, S. and Savini,
	M.},
  title = {A high-order accurate dicsontinuous finite element method for inviscid
	turbomachinery flows},
  booktitle = {2nd European Conference on Turbomachinery Fluid Dynamics and Thermodynamics},
  year = {1997},
  pages = {99-108},
  publisher = {Technologisch Instituut},
  owner = {slavko},
  timestamp = {2011.05.04}
}

@ARTICLE{ug,
  author = {P. Bastian and K. Birken and K. Johannsen and S. Lang and N. Neuss
	and H. Rentz-Reichert and C. Wieners},
  title = {{UG} - A Flexible Software Toolbox for Solving Partial Differential
	Equations.},
  journal = {Computing and Visualization in Science},
  year = {1997},
  volume = {1},
  pages = {27-40}
}

@ARTICLE{dune:07-2,
  author = {Bastian, P. and Blatt, M. and Dedner, A. and Engwer, C. and Kl{\"o}fkorn,
	R. and Kornhuber, R. and Ohlberger, M. and Sander, O.},
  title = {A generic grid interface for parallel and adaptive scientific computing.
	{II}: Implementation and tests in DUNE.},
  journal = {Computing},
  year = {2008},
  volume = {82},
  pages = {121-138},
  number = {2-3}
}

@TECHREPORT{gridhowto,
  author = {Bastian, P. and Blatt, M. and Dedner, A. and Engwer, C. and Kl{\"o}fkorn,
	R. and {Ohl\-ber\-ger}, M. and Sander, O.},
  title = {{T}he {D}istributed and {U}nified {N}umerics {E}nvironment {DUNE}
	{G}rid {I}nterface {HOWTO}},
  institution = {http://www.dune-project.org/doc/grid-howto/grid-howto.pdf},
  year = {2008}
}

@ARTICLE{dune:07-1,
  author = {Bastian, P. and Blatt, M. and Dedner, A. and Engwer, C. and Kl{\"o}fkorn,
	R. and Ohlberger, M. and Sander, O.},
  title = {A generic grid interface for parallel and adaptive scientific computing.
	{I}: Abstract framework.},
  journal = {Computing},
  year = {2008},
  volume = {82},
  pages = {103-119},
  number = {2-3}
}

@INPROCEEDINGS{dune:04,
  author = {P. Bastian and M. Droske and C. Engwer and R. Kl\"ofkorn and T. Neubauer
	and {M.} {Ohl\-ber\-ger} a nd M. Rumpf},
  title = {Towards a Unified Framework for Scientific Computing},
  booktitle = {Proceedings of the 15th Conference on Domain Decomposition Methods},
  year = {2004},
  editor = {R. Kornhuber and {R.H.W.} Hoppe and {D.E.} Keyes and J. P\'eriaux
	and O. Pironneau and J. Xu},
  number = {40},
  series = {LNCSE},
  pages = {167--174},
  publisher = {Springer-Verlag}
}

@ARTICLE{br:03,
  author = {Bastian, P. and Rivi\`ere, B.},
  title = {{Superconvergence and $H(div)$ projection for discontinuous Galerkin
	methods.}},
  journal = {Int. J. Numer. Methods Fluids },
  year = {2003},
  volume = {42},
  pages = {1043-1057},
  number = {10},
  language = {English}
}

@ARTICLE{BO99,
  author = {Baumann, C. E. and Oden, J. T.},
  title = {{A discontinuous $hp$ finite element method for convection-diffusion
	problems.}},
  journal = {Comput. Methods Appl. Mech. Eng.},
  year = {1999},
  volume = {175},
  pages = {311-341},
  number = {3-4}
}

@MISC{BH90,
  author = {Beckers, M. and Haegemans, A.},
  title = {The construction of cubature formulae for the tetrahedron},
  year = {1990},
  note = {Report TW 128, Dept. of Computer Science, K.U. Leuven}
}

@ARTICLE{BenzoniGavage99,
  author = {Benzoni-Gavage, S.},
  title = {Stability of subsonic planar phase boundaries in a van der {W}aals
	fluid},
  journal = {Arch.~Ration.~Mech.~Anal.},
  year = {1999},
  volume = {150},
  pages = {23-55}
}

@PHDTHESIS{BenzoniGavageHabil,
  author = {Benzoni-Gavage, S.},
  title = {Contributions � l'�tude des solutions r�guli�res par morceaux des
	syst�mes hyperboliques de lois de conservation},
  school = {Lyon I},
  year = {1998},
  type = {Habilitation}
}

@ARTICLE{BC89,
  author = {Berger, M.~J. and Colella P.},
  title = {Local {A}daptive {M}esh {R}efinement for {S}hock {H}ydrodynamics},
  journal = {J. Comput. Phys.},
  year = {1989},
  volume = {82},
  pages = {64--84},
  number = {1}
}

@ARTICLE{bey:00,
  author = {Bey, J.},
  title = {{Simplicial grid refinement: On Freudenthal's algorithm and the optimal
	number of congruence classes.}},
  journal = {Numer. Math.},
  year = {2000},
  volume = {85},
  pages = {1-29},
  number = {1},
  language = {English}
}

@ARTICLE{bey:95,
  author = {Bey, J.},
  title = {{Tetrahedral grid refinement.}},
  journal = {Computing},
  year = {1995},
  volume = {55},
  pages = {355-378},
  number = {4},
  language = {English}
}

@ARTICLE{BLAS,
  author = {Blackford, L.S. and Demmel, J. and Dongarra, J. and Duff, I. and
	Hammarling, S. and Henry, G. and Heroux, M. and Kaufman, L. and Lumsdaine,
	A. and Petitet, A. and Pozo, R. and Remington, K. and Whaley, R.C.},
  title = {An Updated Set of Basic Linear Algebra Subprograms (BLAS)},
  journal = {ACM Trans. Math. Soft.},
  year = {2002},
  volume = {28},
  pages = {135-151},
  number = {2}
}

@INPROCEEDINGS{dune-istl,
  author = {Blatt, M. and Bastian, P.},
  title = {The Iterative Solver Template Library},
  booktitle = {Applied Parallel Computing -- State of the Art in Scientific Computing},
  year = {2007},
  editor = {Kagstr\"om, B. and Elmroth, E. and Dongarra, J. and Wasniewski, J.},
  pages = {666-675},
  address = {Berlin/Heidelberg},
  publisher = {Springer}
}

@PHDTHESIS{Blesgen97,
  author = {Blesgen, T.},
  title = {Eine {V}erallgemeinerung der {N}avier-{S}tokes-{G}leichungen auf
	{Z}weiphasenstr\"omungen},
  school = {Rheinische Friedrich--Wilhelms--Universit{\"a}t Bonn},
  year = {1997},
  type = {Doctoral Dissertation}
}

@ARTICLE{Bo00,
  author = {Bonaventura, L.},
  title = {A Semi-Implicit Semi-Lagrangian Scheme Using the Height Coordinate
	for a Nonhydrostatic and Fully Elastic Model of Atmospheric Flows},
  journal = {JCP},
  year = {2000},
  volume = {158},
  pages = {186-213}
}

@ARTICLE{KlLi78,
  author = {Bonaventura, L.},
  title = {Numerical Simulation of Hydrostatic Mountain Waves},
  journal = {J. Atmos. Sci},
  year = {1978},
  volume = {35},
  pages = {78-107}
}

@BOOK{braess:07,
  title = {{Finite elements. Theory, fast solvers and applications in solid
	mechanics. Translated from German by Larry L. Schumaker.}},
  publisher = {{Cambridge: Cambridge University Press. xvii, 365~p. }},
  year = {2007},
  author = {Braess, Dietrich},
  language = {English}
}

@BOOK{Brennen95,
  title = {Cavitation and bubble dynamics},
  publisher = {Oxford University Press},
  year = {1995},
  author = {Brennen, C. E.}
}

@ARTICLE{BDL03,
  author = {Bresch, D. and Desjardins, B. and Lin, C.-K.},
  title = {On some compressible fluid models: Korteweg, lubrication, and shallow
	water systems},
  journal = {Commun. Partial Differ. Equations},
  year = {2003},
  volume = {28},
  pages = {843-868},
  number = {3-4}
}

@ARTICLE{brezzi:09,
  author = {Brezzi, F. and Buffa, A. and Lipnikov, K.},
  title = {{Mimetic finite differences for elliptic problems.}},
  journal = {ESAIM, Math. Model. Numer. Anal. },
  year = {2009},
  volume = {43},
  pages = {277-295},
  number = {2},
  language = {English}
}

@ARTICLE{brezziPietra,
  author = {Brezzi, F. and Manzini, G. and Marini, D. and Pietra, P. and Russo,
	A.},
  title = {{Discontinuous Galerkin approximations for elliptic problems.}},
  journal = {Numer. Methods Partial Differ. Equations },
  year = {2000},
  volume = {16},
  pages = {365-378},
  number = {4},
  language = {English}
}

@ARTICLE{BrFr02,
  author = {Bryan, G.~H. and Fritsch, J.~M.},
  title = {A Benchmark Simulation for Moist Nonhydrostatic Numerical Models},
  journal = {Mon. Weath. Rev.},
  year = {2002},
  volume = {130},
  pages = {2917-2928}
}

@INPROCEEDINGS{BDDKO06,
  author = {Burri, A. and Dedner, A. and Diehl, D. and Kl{\"o}fkorn, R. and Ohlberger,
	M.},
  title = {A general object oriented framework for discretizing nonlinear evolution
	equations},
  booktitle = {Advances in High Performance Computing and Computational Sciences},
  year = {2006},
  editor = {Shokin, Y.I. and Resch, M. and Danaev, N. and Orunkhanov, M. and
	Shokina, N.},
  address = {Berlin/Heidelberg},
  publisher = {Springer}
}

@ARTICLE{baensch:91,
  author = {B{\"a}nsch, E.},
  title = {{Local mesh refinement in 2 and 3 dimensions.}},
  journal = {IMPACT Comput. Sci. Eng.},
  year = {1991},
  volume = {3},
  pages = {181-191},
  number = {3},
  language = {English}
}

@ARTICLE{Castillo02,
  author = {Castillo, Paul},
  title = {{Performance of discontinuous Galerkin methods for elliptic PDEs}},
  journal = {SIAM J. Sci. Comput.},
  year = {2002},
  volume = {24},
  pages = {524-547},
  number = {2}
}

@ARTICLE{impes:04,
  author = {Chen, Z. and Huan, G. and Li, B.},
  title = {An improved IMPES method for two-phase flow in porous media},
  journal = {Transport in Porous Media},
  year = {2004},
  volume = {54},
  pages = {361-376},
  number = {3},
  publisher = {Springer Netherlands}
}

@BOOK{chen:06,
  title = {{Computational methods for multiphase flows in porous media.}},
  publisher = {{Computational Science \&amp; Engineering 2. Philadelphia, PA: Society
	for Industrial and Applied Mathematics (SIAM). xxix, 531~p.}},
  year = {2006},
  author = {Chen, Z. and Huan, G. and Ma, Y.},
  language = {English}
}

@BOOK{ciarlet:91,
  title = {{Handbook of numerical analysis. Volume II: Finite element methods
	(Part 1).}},
  publisher = {{Amsterdam etc.: North-Holland. ix, 928 p. Dfl. 275.00 }},
  year = {1991},
  author = {Ciarlet, P.G. (ed.) and Lions, J.L. (ed.);},
  language = {English}
}

@ARTICLE{cb:03,
  author = {Cockburn, B.},
  title = {{{Discontinuous Galerkin methods}.}},
  journal = {ZAMM, Z. Angew. Math. Mech. },
  year = {2003},
  volume = {83},
  pages = {731-754},
  number = {11},
  doi = {10.1002/zamm.200310088},
  language = {English}
}

@ARTICLE{CHS90,
  author = {Cockburn, B. and Hou, S. and Shu, C.-W.},
  title = {{TVB} {R}unge-{K}utta local projection discontinuous {G}alerkin finite
	element method for conservation laws {IV}: The multidimensional case.},
  journal = {Math. Comput.},
  year = {1990},
  volume = {54}
}

@ARTICLE{DGStokes,
  author = {Cockburn, Bernardo and Kanschat, Guido and Schotzau, Dominik and
	Schwab, Christoph},
  title = {{Local discontinuous Galerkin methods for the Stokes system.}},
  journal = {SIAM J. Numer. Anal. },
  year = {2002},
  volume = {40},
  pages = {319-343},
  number = {1},
  language = {English}
}

@ARTICLE{CKS95,
  author = {Cockburn, B. and Kanschat, G. and Sch{\"o}tzau, D.},
  title = {A locally conservative LDG method for the incompressible Navier-Stokes
	equations},
  journal = {Math. Comput.},
  year = {2005},
  volume = {74},
  pages = {1067-1095},
  number = {251}
}

@ARTICLE{CLS89,
  author = {Cockburn, B. and Lin, S. Y. and Shu, C.-W.},
  title = {{TVB} {R}unge-{K}utta local projection discontinuous {G}alerkin finite
	element method for conservation laws {III}: One dimensional systems.},
  journal = {J. Comput. Phys.},
  year = {1989},
  volume = {84}
}

@ARTICLE{CSreview,
  author = {Cockburn, B. and Shu, C.-W.},
  title = {{R}unge-{K}utta {D}iscontinuous {G}alerkin methods for convection-dominated
	problems},
  journal = {J. Sci. Comput.},
  year = {2001},
  volume = {16},
  pages = {173-261},
  number = {3}
}

@ARTICLE{Cockburn1998,
  author = {Cockburn, B. and Shu, C.-W.},
  title = {The Local Discontinuous Galerkin Method for Time-Dependent Convection-Diffusion
	Systems},
  journal = {SIAM J. Math. Anal.},
  year = {1998},
  volume = {35},
  pages = {2440-2463},
  owner = {slavko},
  timestamp = {2010.08.16}
}

@ARTICLE{CS98,
  author = {Cockburn, B. and Shu, C.-W.},
  title = {The {L}ocal {D}iscontinuous {G}alerkin method for time-dependent
	convection-diffusion systems.},
  journal = {SIAM J. Numer. Anal.},
  year = {1998},
  volume = {35},
  pages = {2440-2463},
  number = {6}
}

@ARTICLE{CS98b,
  author = {Cockburn, B. and Shu, C.-W.},
  title = {{TVB} {R}unge-{K}utta local projection discontinuous {G}alerkin finite
	element method for conservation laws {V}: Multidimensional Systems.},
  journal = {J. Comput. Phys.},
  year = {1998},
  volume = {141},
  pages = {199-224}
}

@ARTICLE{CS91,
  author = {Cockburn, B. and Shu, C.-W.},
  title = {The {R}unge-{K}utta local projection ${P}^1$-discontinuous {G}alerkin
	finite element method for scalar conservation laws.},
  journal = {$M^2AN$},
  year = {1991},
  volume = {25}
}

@ARTICLE{CS89,
  author = {Cockburn, B. and Shu, C.-W.},
  title = {{TVB} {R}unge-{K}utta local projection discontinuous {G}alerkin finite
	element method for conservation laws {II}: General framework.},
  journal = {Math. Comput.},
  year = {1989},
  volume = {82}
}

@ARTICLE{CubatureFormulas1,
  author = {Colls, R.},
  title = {An Encyclopaedia of Cubature Formulas},
  journal = {J. Complexity},
  year = {2003},
  volume = {19},
  pages = {445-453}
}

@INCOLLECTION{CDMR04,
  author = {Coquel, F. and Diehl, D. and Merkle, C. and Rohde, C.},
  title = {Sharp and Diffuse Interface Methods for Phase-Transition Problems
	in Liquid-Vapour Flows.},
  booktitle = {E.~Sonnendr{\"u}cker (Ed.), Numerical Methods for Hyperbolic and
	Kinetic Problems},
  publisher = {IRMA Series},
  year = {2004}
}

@INCOLLECTION{CDR04,
  author = {Coquel, F. and Diehl, D. and Rohde, C.},
  title = {Static Equilibrium Solutions of the {N}avier-{S}tokes-{K}orteweg
	System and Relaxation Schemes},
  year = {2004},
  note = {Preprint}
}

@ARTICLE{CoPe98,
  author = {Coquel, F. and Perthame, B. },
  title = {{Relaxation of energy and approximate Riemann solvers for general
	pressure laws in fluid dynamics.}},
  journal = {SIAM J. Numer. Anal.},
  year = {1998},
  volume = {35},
  pages = {2223-2249},
  number = {6}
}

@BOOK{CH93,
  title = {Methoden der mathematischen Physik. (Methods of mathematical physics).
	4. Aufl.},
  publisher = {Springer},
  year = {1993},
  author = {Courant, R. and Hilbert, D.}
}

@MISC{CubatureFormulas2,
  author = {Encyclopaedia of Cubature Formulas website},
  howpublished = {http://www.cs.kuleuven.ac.be/~nines/research/ecf/}
}

@ARTICLE{CT06,
  author = {Cullum, J.K. and Tuma, M.},
  title = {{Matrix-free preconditioning using partial matrix estimation}},
  journal = {BIT},
  year = {2006},
  volume = {46},
  pages = {711-729},
  number = {4}
}

@BOOK{Dafermos,
  title = {Hyperbolic Conservation Laws in Continuum Physics},
  publisher = {Springer},
  year = {2000},
  author = {Dafermos, C.M.},
  address = {Berlin}
}

@ARTICLE{DMLFMu95,
  author = {Dal Maso, G. and LeFloch, P.G. and Murat, F.},
  title = {Definition and weak stability of nonconservative products},
  journal = {J. Math. Pures Appl.},
  year = {1995},
  volume = {74},
  pages = {483-548},
  number = {6}
}

@ARTICLE{DB85,
  author = {Dannenhofer, J.~F. and Baron, J.~R.},
  title = {Grid {A}daption for the 2--{D} {E}uler {E}quations},
  journal = {AIAA Paper 85--0484},
  year = {1985}
}

@MISC{fd:01,
  author = {Darema, F.},
  title = {{The SPMD model: Past, present and future.}},
  howpublished = {{Cotronis, Yiannis (ed.) et al., Recent advances in parallel virtual
	machine and message passing interface. 8th European PVM/MPI user's
	group meeting Santorini/ Thera, Greece, September 23-26, 2001. Proceedings.
	Berlin: Springer. Lect. Notes Comput. Sci. 2131, 1}},
  year = {2001}
}

@ARTICLE{umfpack,
  author = {Davis, T. A.},
  title = {Algorithm 832: {UMFPACK} V4.3---an unsymmetric-pattern multifrontal
	method},
  journal = {ACM Trans. Math. Softw.},
  year = {2004},
  volume = {30},
  pages = {196--199},
  number = {2},
  address = {New York, NY, USA},
  doi = {http://doi.acm.org/10.1145/992200.992206},
  issn = {0098-3500},
  publisher = {ACM}
}

@PHDTHESIS{dissDedner,
  author = {Dedner, A.},
  title = {{Solving the system of Radiation Magnetohydrodynamics : for solar
	physical simulations in 3d}},
  school = {{Universit{\"a}t Freiburg}},
  year = {2003}
}

@ARTICLE{dunefempaper,
  author = {Dedner, A. and Kl\"ofkorn, R. and Nolte, M. and Ohlberger, M.},
  title = {A generic interface for parallel and adaptive scientific computing:
	Abstraction principles and the \dunefem module},
  journal = {Computing},
  year = {2010},
  volume = {89},
  number = {1}
}

@ARTICLE{limiter:11,
  author = {Dedner, A. and Kl{\"o}fkorn, R.},
  title = {A generic stabilization approach for higher order {D}iscontinuous
	{G}alerkin methods for convection dominated problems},
  journal = {J. Sci. Comp.},
  year = {2011},
  number = {3},
  pages = {365-388},
  volume = {47}
}

@incollection {FVCA08,
  author = {Dedner, A. and Kl{\"o}fkorn, R.},
     TITLE = {The compact discontinuous {G}alerkin method for elliptic
              problems},
 BOOKTITLE = {Finite volumes for complex applications {V}},
     PAGES = {761--776},
 PUBLISHER = {ISTE, London},
      YEAR = {2008},
   MRCLASS = {65N30},
  MRNUMBER = {2451471 (2009k:65239)},
}

@INPROCEEDINGS{FVCA11,
  author = {Kl{\"o}fkorn, R.},
  title = {{Benchmark 3D: The Compact Discontinuous Galerkin 2 Scheme}},
  booktitle = {Proc. of the 6th International Symposium on Finite Volumes for Complex
	Applications},
  year = {2011},
  note = {Accepted for publication},
  editors = {}
}

@INPROCEEDINGS{bench3d,
  author = {Eymard, R. and Henry, G. and Herbin, R. and Hubert, F. and Kl{\"o}fkorn, R. and Manzini, G.},
  title = {{3D Benchmark on Discretization Schemes for Anisotropic Diffusion Problems on General Grids}},
  booktitle = {Proc. of the 6th International Symposium on Finite Volumes for Complex
	Applications},
  year = {2011},
  note = {Accepted for publication},
  editors = {}
}

@INPROCEEDINGS{ADLV:07,
  author = {Dedner, A. and Luethi, M. and Albrecht, T. and Vetter, T.},
  title = {{Curvature Guided Level Set Registration using Adaptive Finite Elements}},
  booktitle = {Proc. of the 29th Annual Symposium of the German Association for
	Pattern Recognition},
  year = {2007},
  editor = {Hamprecht, F. and Schnorr, C. and Jahne, B.},
  address = {Berlin/Heidelberg},
  publisher = {Springer}
}

@ARTICLE{DMO05,
  author = {Dedner, A. and Makridakis, C. and Ohlberger, M.},
  title = {Error control for a class of {R}unge {K}utta {D}iscontinuous {G}alerkin
	methods for nonlinear conservation laws},
  journal = {Preprint 05-01, Mathematisches Institut, Freiburg},
  year = {2005}
}

@ARTICLE{drsw:02,
  author = {A. Dedner and C. Rohde and B. Schupp and M. Wesenberg},
  title = {A Parallel, Load Balanced MHD Code on Locally Adapted, Unstructured
	Grids in 3D},
  journal = {Computing and Visualization in Science},
  year = {2004},
  volume = {7},
  pages = {79-96}
}

@PHDTHESIS{dennis:07,
  author = {D. Diehl},
  title = {Higher order schemes for simulation of compressible liquid-vapor
	flows with phase change},
  school = {{Universit{\"a}t Freiburg}},
  year = {2007},
  note = {\url{http://www.freidok.uni-freiburg.de/volltexte/3762/}}
}

@INCOLLECTION{dd05,
  author = {Diehl, D.},
  title = {Well balanced {D}iscontinuous {G}alerkin schemes for the {N}avier-{S}tokes-{K}orteweg
	equations},
  booktitle = {Proceedings of HYP 2004},
  publisher = {Yokohama Publishers, Inc.},
  year = {2005}
}

@ARTICLE{DR06,
  author = {Diehl, D. and Rohde, C.},
  title = {{On the Structure of MHD Shock Waves in Diffusive-Dispersive Media}},
  journal = {J. Math. Fluid Mech.},
  year = {2006},
  volume = {8},
  pages = {120-145},
  month = feb
}

@ARTICLE{CO2,
  author = {Doms, G. and F{\"o}rstner, J. and Heise, E. and Herzog H.-J., Raschendorfler,
	M. and Schrodin, R. and Reinhardt, T. and Vogel, G.},
  title = {A Description of the Nonhydrostatic Regional Model LM. Part I: Physical
	Parametrization},
  journal = {Internal correspondence at the DWD},
  year = {2005},
  volume = {-},
  pages = {1-126}
}

@ARTICLE{CO1,
  author = {Doms, G. and Sch{\"a}ttler, U.},
  title = {A Description of the Nonhydrostatic Regional Model LM. Part I: Dynamics
	and Numerics},
  journal = {Internal correspondence at the DWD},
  year = {2002},
  volume = {-},
  pages = {1-130}
}

@CONFERENCE{Douglas1976,
  author = {Douglas, Jr., J. and Dupont, T.},
  title = {Interior penalty procedures for elliptic and parabolic Galerkin methods},
  booktitle = {Lecture Notes in Phys.},
  year = {1976},
  volume = {58},
  series = {Springer},
  pages = {207-216},
  publisher = {Springer},
  owner = {slavko},
  timestamp = {2011.05.04}
}

@ARTICLE{Dunavant85,
  author = {Dunavant, D.A.},
  title = {High degree efficient symmetrical Gaussian quadrature rules for the
	triangle.},
  journal = {Int.~J.~Numer.~Methods Eng.},
  year = {1985},
  volume = {21},
  pages = {1129-1148}
}

@ARTICLE{DunnSerrin85,
  author = {Dunn, J.E. and Serrin, J.},
  title = {On the thermomechanics of interstitial working},
  journal = {Arch. Ration. Mech. Anal.},
  year = {1985},
  volume = {88},
  pages = {95-133}
}

@ARTICLE{emery:68,
  author = {Emery, A.F.},
  title = {{An evaluation of several differencing methods for inviscid fluid
	flow problems.}},
  journal = {J. Comput. Phys.},
  year = {1968},
  volume = {2},
  pages = {306-331},
  language = {English}
}

@ARTICLE{eps:09,
  author = {Epshteyn, Y. and Rivi\`ere, B.},
  title = {{Analysis of $hp$ discontinuous {G}alerkin methods for incompressible
	two-phase flow.}},
  journal = {J. Comput. Appl. Math. },
  year = {2009},
  volume = {225},
  pages = {487-509},
  number = {2},
  doi = {10.1016/j.cam.2008.08.026},
  language = {English}
}

@ARTICLE{eps:07,
  author = {Epshteyn, Y. and Rivi\`ere, B.},
  title = {{Fully implicit discontinuous finite element methods for two-phase
	flow.}},
  journal = {Appl. Numer. Math. },
  year = {2007},
  volume = {57},
  pages = {383-401},
  number = {4},
  doi = {10.1016/j.apnum.2006.04.004},
  language = {English}
}

@ARTICLE{riviere:07,
  author = {Epshteyn, Y. and Rivi\`ere, B.},
  title = {{Estimation of penalty parameters for symmetric interior penalty
	Galerkin methods.}},
  journal = {J. Comput. Appl. Math. },
  year = {2007},
  volume = {206},
  pages = {843-872},
  number = {2},
  language = {English}
}

@ARTICLE{eps:06,
  author = {Epshteyn, Y. and Rivi\`ere, B.},
  title = {{On the solution of incompressible two-phase flow by a $p$-version
	discontinuous Galerkin method.}},
  journal = {Commun. Numer. Methods Eng. },
  year = {2006},
  volume = {22},
  pages = {741-751},
  number = {7},
  doi = {10.1002/cnm.846},
  language = {English}
}

@TECHREPORT{Ern:10,
  author = {Burman, E. and Ern, A.},
  title = {{Implicit-Explicit Runge-Kutta schemes and finite elements with symmetric
	stabilization for advection-diffusion equations}},
  year = {2010},
  type = {Preprint},
  note = {\url{http://hal.archives-ouvertes.fr/hal-00530378/fr/}}
}

@ARTICLE{ern:09-2,
  author = {Ern, A. and Mozolevski, I. and Schuh, L.},
  title = {{Accurate velocity reconstruction for discontinuous Galerkin approximations
	of two-phase porous medium flows.}},
  journal = {C. R., Math., Acad. Sci. Paris },
  year = {2009},
  volume = {347},
  pages = {551-554},
  number = {9-10},
  doi = {10.1016/j.crma.2009.02.011},
  language = {English}
}

@ARTICLE{ern:hdiv,
  author = {Ern, A. and Nicaise, S. and Vohral{\'\i}k, M.},
  title = {{An accurate $\mathbf H$(div) flux reconstruction for discontinuous
	Galerkin approximations of elliptic problems.}},
  journal = {C. R., Math., Acad. Sci. Paris },
  year = {2007},
  volume = {345},
  pages = {709-712},
  number = {12},
  doi = {10.1016/j.crma.2007.10.036},
  language = {English}
}

@ARTICLE{ern:05,
  author = {Ern, A. and Proft, J.},
  title = {{{A posteriori discontinuous Galerkin error estimates for transient
	convection-diffusion equations}.}},
  journal = {Appl. Math. Lett. },
  year = {2005},
  volume = {18},
  pages = {833-841},
  number = {7},
  doi = {10.1016/j.aml.2004.05.019},
  language = {English}
}

@ARTICLE{ern:09,
  author = {Ern, A. and Stephansen, A. F. and Zunino, P.},
  title = {{A discontinuous Galerkin method with weighted averages for advection-diffusion
	equations with locally small and anisotropic diffusivity.}},
  journal = {IMA J. Numer. Anal. },
  year = {2009},
  volume = {29},
  pages = {235-256},
  number = {2},
  doi = {10.1093/imanum/drm050},
  language = {English}
}

@BOOK{Feistauer93,
  title = {Mathematical methods in fluid dynamics},
  publisher = {Longman Scientific \& Technical, Harlow},
  year = {1993},
  author = {Feistauer, M.}
}

@INCOLLECTION{FFR01,
  author = {Freist{\"u}hler, H. and Fries, C. and Rohde, C.},
  title = {Existence, Bifurcation, and Stability of Profiles for Classical and
	Non-Classical Shock Waves.},
  booktitle = {B. Fiedler (Ed.), Ergodic Theory, Analysis, and Efficient Simulation
	of Dynamical Systems},
  publisher = {Springer, Heidelberg},
  year = {2001},
  pages = {287-309}
}

@ARTICLE{Gassner2008,
  author = {Gassner, G. and Lörcher, F. and Munz, C.-D.},
  title = {A discontinuous Galerkin scheme based on a space-time expansion II.
	Viscous flow equations in multidimensions},
  journal = {J. Sci. Comp.},
  year = {2008},
  volume = {34 (3)},
  pages = {260-286},
  owner = {slavko},
  timestamp = {2010.04.27}
}

@INCOLLECTION{GKL00,
  author = {Geisler, R. and Kurz, T. and Lauterborn, W.},
  title = {Acoustic Bubble Traps},
  booktitle = {W. Lauterborn, T. Kurz (eds.), Nonlinear Acoustics at the Turn of
	the Millennium, Proceedings of the 15th Int. Symp. on Nonlinear Acoustics,ISNA
	15, 1-4 September, 1999, G{\"o}ttingen, Germany},
  publisher = {AIP Conference Proceedings 524 (2000), American Institute of Physics,
	Melville (2000)},
  year = {2000}
}

@MISC{GeislerHomepage,
  author = {Geisler, R. Homepage},
  howpublished = {http://www.macgeisler.de/}
}

@ARTICLE{PVMMPIpaper,
  author = {G. A. Geist and J. A. Kohla and P. M. Papadopoulos},
  title = {{PVM and {MPI}: A Comparison of Features}},
  journal = {Calculateurs Paralleles},
  year = {1996},
  volume = {8},
  pages = {137--150},
  number = {2}
}

@MASTERSTHESIS{Gersbacher2008,
  author = {Gersbacher, C.},
  title = {Local Discontiunous Galerkin Verfahren zur Simulation flacher dreidimensionaler
	Str{\"o}mungen mit freier Oberfl{\"a}che},
  school = {{Universit{\"a}t Freiburg}},
  year = {2008}
}

@TECHREPORT{grape,
  author = {Gessner, T. and Haasdonk, B. and Kende, R. and Lenz, M. and Metscher,
	M. and Neubauer, R. and Ohlberger, M. and Rosenbaum, W. and Rumpf,
	M. and Schw{\"o}rer, R. and Spielberg, R. and Weikard, U.},
  title = {A Procedural Interface for Multiresolutional Visualization of General
	Numerical Data},
  institution = {SFB 256, Bonn},
  year = {1999},
  number = {28},
  note = {\url{http://www.math.uni-muenster.de/u/ohlberger/postscript/hmesh.ps.gz}}
}

@PHDTHESIS{Gessner01,
  author = {Ge{\ss}ner, T.},
  title = {Dynamic {M}esh {A}daption for {S}upersonic {C}ombustion {W}aves modeled
	with {D}etailed {R}eaction {M}echanisms},
  school = {{Universit{\"a}t Freiburg}},
  year = {2001},
  type = {Doctoral Dissertation}
}

@ARTICLE{defbeta:07,
  author = {Girault, V. and Sun, S. and Wheeler, M. F. and Yotov, I.},
  title = {Coupling Discontinuous Galerkin and Mixed Finite Element Discretizations
	using Mortar Finite Elements},
  journal = {SIAM J. Numer. Anal.},
  year = {2008},
  volume = {46},
  pages = {949--979},
  number = {2},
  address = {Philadelphia, PA, USA},
  doi = {http://dx.doi.org/10.1137/060671620},
  issn = {0036-1429},
  publisher = {Society for Industrial and Applied Mathematics}
}

@BOOK{GR96,
  title = {Numerical {A}pproximation of {H}yperbolic {S}ystems of {C}onservation
	{L}aws},
  publisher = {Springer},
  year = {1996},
  author = {Godlewski, E. and Raviart, P.--A.}
}

@BOOK{GR91,
  title = {{H}yperbolic {S}ystems of {C}onservation {L}aws},
  publisher = {Ellipses},
  year = {1991},
  author = {Godlewski, E. and Raviart, P.--A.}
}

@ARTICLE{shu:01,
  author = {Gottlieb, S. and Shu, C.-W. and Tadmor, E.},
  title = {{Strong stability-preserving high-order time discretization methods.}},
  journal = {SIAM Rev.},
  year = {2001},
  volume = {43},
  pages = {89-112},
  number = {1},
  language = {English}
}

@ARTICLE{GriZum99,
  author = {Griebel, M. and Zumbusch, G.},
  title = {Parallel multigrid in an adaptive {PDE} solver based on hashing and
	space-filling curves},
  journal = {Parallel Comput.},
  year = {1999},
  volume = {25},
  pages = {827--843},
  number = {7},
  fjournal = {Parallel Computing. Theory and Applications}
}

@BOOK{UsingMPI,
  title = {Using MPI (2nd ed.): portable parallel programming with the message-passing
	interface},
  publisher = {MIT Press},
  year = {1999},
  author = {Gropp, W. and Lusk, E. and Skjellum, A.},
  address = {Cambridge, MA, USA},
  isbn = {0-262-57132-3}
}

@BOOK{UsingMPI2,
  title = {Using MPI-2: Advanced Features of the Message Passing Interface},
  publisher = {MIT Press},
  year = {1999},
  author = {Gropp, W. and Thakur, R. and Lusk, E.},
  address = {Cambridge, MA, USA},
  isbn = {026257134X}
}

@ARTICLE{G88,
  author = {Gurtin, M. E.},
  title = {On the structure of equilibrium phase transitions within the gradient
	theory of fluids},
  journal = {Q. Appl. Math.},
  year = {1988},
  volume = {46},
  pages = {301-317},
  number = {2}
}

@BOOK{hackbusch:03,
  title = {Elliptic Differential Equations. Theory and Numerical Treatment},
  publisher = {Springer Berlin},
  year = {2003},
  author = {W. Hackbusch}
}

@incollection {Houston03,
    AUTHOR = {Harriman, K. and Houston, P. and Senior, B. and
              S{\"u}li, E.},
     TITLE = {{$hp$}-version discontinuous {G}alerkin methods with interior
              penalty for partial differential equations with nonnegative
              characteristic form},
 BOOKTITLE = {Recent advances in scientific computing and partial
              differential equations ({H}ong {K}ong, 2002)},
    SERIES = {Contemp. Math.},
    VOLUME = {330},
 PUBLISHER = {Amer. Math. Soc.},
   ADDRESS = {Providence, RI},
      YEAR = {2003},
   MRCLASS = {65N30 (65N15)},
  MRNUMBER = {2011714 (2004k:65221)},
}

@ARTICLE{Hartmann08,
  author = {Hartmann, R. and Houston, P.},
  title = {An optimal order penalty Discontinuous Galerkin discretization of
	the compressible Navier-Stokes equations},
  journal = {J. Comput. Phys.},
  year = {2008},
  volume = {22},
  pages = {9670-9685}
}

@ARTICLE{HL96,
  author = {Hattori, H. and Li, D.},
  title = {The existence of global solutions to a fluid dynamic model for materials
	of {K}orteweg type},
  journal = {J. Partial Differ. Equations},
  year = {1996},
  volume = {9},
  pages = {323-342},
  number = {4}
}

@ARTICLE{HL94,
  author = {Hattori, H. and Li, D.},
  title = {Solutions for two-dimensional system for materials of {K}orteweg
	type},
  journal = {SIAM J. Math. Anal.},
  year = {1994},
  volume = {25},
  pages = {85-98},
  number = {1}
}

@BOOK{helmig:97,
  title = {Multiphase flow and transport processes in the subsurface: a contribution
	to the modelling of hydrosystems},
  publisher = {Springer},
  year = {1997},
  author = {Helmig, R.},
  address = {Berlin}
}

@TECHREPORT{HenOhl:09a,
  author = {Henning, P. and Ohlberger, M.},
  title = {Advection diffusion problems with rapidly oscillating coefficients
	and large expected drift. Part 1: Homogenization - existence, uniqueness
	and regularity},
  institution = {University of M{\"u}nster, Manuscript to be submitted},
  year = {2009}
}

@TECHREPORT{HenOhl:09b,
  author = {Henning, P. and Ohlberger, M.},
  title = {Advection diffusion problems with rapidly oscillating coefficients
	and large expected drift. Part 2: The heterogeneous multiscale finite
	element method},
  institution = {University of M{\"u}nster, Manuscript to be submitted},
  year = {2009}
}

@incollection {benchmark,
    AUTHOR = {Herbin, R. and Hubert, F.},
     TITLE = {Benchmark on discretization schemes for anisotropic diffusion
              problems on general grids},
 BOOKTITLE = {Finite volumes for complex applications {V}},
     PAGES = {659--692},
 PUBLISHER = {ISTE, London},
      YEAR = {2008},
   MRCLASS = {65N06 (65N30)},
  MRNUMBER = {2451465 (2010a:65211)},
}

@ARTICLE{HS52,
  author = {Hestenes, Magnus R. and Stiefel, Eduard},
  title = {{Methods of conjugate gradients for solving linear systems.}},
  journal = {J. Res. Natl. Bur. Stand.},
  year = {1952},
  volume = {49},
  pages = {409-436}
}

@ARTICLE{HouLeFloch94,
  author = {Hou, T.Y. and LeFloch, P.G.},
  title = {Why nonconservative schemes converge to wrong solutions: Error analysis},
  journal = {Math.~Comput.},
  year = {1994},
  volume = {62},
  pages = {497-530},
  number = {206}
}

@ARTICLE{HSSZ98,
  author = {Howle, L. and Schaeffer, D.G. and Shearer, M. and Zhong, P.},
  title = {Lithotripsy: The treatment of kidney stones with shock waves},
  journal = {SIAM Rev.},
  year = {1998},
  volume = {40},
  pages = {356-371},
  number = {2}
}

@INCOLLECTION{HS97,
  author = {Hui, G. M.-K. and Swann, H.},
  title = {On orthogonal polynomial bases for triangles and tetrahedra invariant
	under the symmetric group},
  booktitle = {CA Mandel, Jan (ed.) et al., Domain decomposition methods 10. The
	10th international conference, Boulder, CO, USA, August 10--14, 1997.
	Providence},
  publisher = {RI: AMS, American Mathematical Society. Contemp. Math. 218, 438-446},
  year = {1998}
}

@ARTICLE{JLCD01,
  author = {Jamet, D. and Lebaigue, O. and Coutris, N. and Delhaye, J.M.},
  title = {The second gradient method for the direct numerical simulation of
	liquid-vapor flows with phase change},
  journal = {J. Comput. Phys.},
  year = {2001},
  volume = {169},
  pages = {624-651},
  number = {2}
}

@ARTICLE{JTB02,
  author = {Jamet, D. and Torres, D. and Brackbill, J.U.},
  title = {On the Theory and Computation of Surface Tension: The Elimination
	of Parasitic Currents through Energy Conservation in the Second-Gradient
	Method},
  journal = {J. Comput. Phys.},
  year = {2002},
  volume = {182},
  pages = {262-276},
  number = {1}
}

@ARTICLE{JP86,
  author = {Johnson, C. and Pitk{\"a}ranta, J.},
  title = {{An analysis of the discontinuous Galerkin method for a scalar hyperbolic
	equation.}},
  journal = {Math. Comput.},
  year = {1986},
  volume = {46},
  pages = {1-26}
}

@BOOK{josuttis1999,
  title = {The C++ Standard Library},
  publisher = {Addison-Wesley Professional},
  year = {1999},
  author = {Josuttis, N. M. },
  citeulike-article-id = {264353},
  howpublished = {Hardcover},
  isbn = {0201379260},
  keywords = {cxx, language, programming, reference, stl, template},
  posted-at = {2007-12-06 08:55:10},
  priority = {2},
  subtitle = {A Tutorial and Reference}
}

@ARTICLE{JR06,
  author = {Jovanovic, V. and Rohde, C.},
  title = {Error estimates for finite volume approximations of classical solutions
	for nonlinear systems of hyperbolic balance laws.},
  journal = {SIAM J. Numer. Anal.},
  year = {2006},
  volume = {43},
  pages = {2423-2449},
  number = {6}
}

@ARTICLE{jaeger3AsymAnalysis,
  author = {J{\"a}ger, W. and Mikelic, A. and Neuss, N.},
  title = {{Asymptotic analysis of the laminar viscous flow over a porous bed.}},
  journal = {SIAM J. Sci. Comput. },
  year = {2001},
  volume = {22},
  pages = {2006-2028},
  number = {6},
  language = {English}
}

@ARTICLE{kk:95,
  author = {Karypis, G. and Kumar, V.},
  title = {Multilevel k-Way Partitioning Scheme for Irregular Graphs},
  journal = {SIAM Rev.},
  year = {1999},
  volume = {41},
  pages = {278-300},
  number = {2}
}

@TECHREPORT{ParMETISdoc,
  author = {Karypis, G. and Schloegel, K. and Kumar, V.},
  title = {{ParMETIS}: Parallel Graph Partitioning and Sparse Matrix Ordering
	Library.},
  institution = {University of Minnesota, 2003}
}

@ARTICLE{Keast86,
  author = {Keast, P.},
  title = {Moderate-degree tetrahedral quadrature formulas},
  journal = {Comput. Methods Appl. Mech. Engrg.},
  year = {1986},
  volume = {55},
  pages = {339-348}
}

@ARTICLE{Kl09,
  author = {Klein, R.},
  title = {Asymptotics, Structure, and Integration of Sound-Proof Atmospheric
	Flow Equations},
  journal = {Theo. and Comp. Fluid Dyn.},
  year = {2009},
  volume = {23 (3)},
  pages = {161-195}
}

@ARTICLE{rivlimiter:06,
  author = {Klieber, W. and Rivi\`ere, B.},
  title = {{Adaptive simulations of two-phase flow by discontinuous Galerkin
	methods.}},
  journal = {Comput. Methods Appl. Mech. Eng. },
  year = {2006},
  volume = {196},
  pages = {404-419},
  number = {1-3},
  doi = {10.1016/j.cma.2006.05.007},
  language = {English}
}

@PHDTHESIS{rkdiss,
  author = {Kl{\"o}fkorn, R.},
  title = {{Numerics for Evolution Equations - A General Interface Based Design
	Concept}},
  school = {{Universit{\"a}t Freiburg}},
  year = {2009}
}

@INPROCEEDINGS{fuel3d:08,
  author = {Kl{\"o}fkorn, R. and Kr{\"o}ner, D. and Ohlberger, M.},
  title = {{Parallel and Adaptive Simulation of Fuel Cells in 3d}},
  booktitle = {{Mathematics -- Key Technology for the Future}},
  year = {2008},
  editor = {J{\"a}ger, W. and Krebs, H.-J.},
  pages = {235-249}
}

@ARTICLE{knoll:04,
  author = {Knoll, D. A. and Keyes, D. E.},
  title = {{Jacobian-free Newton-Krylov methods: a survey of approaches and
	applications.}},
  journal = {J. Comput. Phys. },
  year = {2004},
  volume = {193},
  pages = {357-397},
  number = {2},
  doi = {10.1016/j.jcp.2003.08.010},
  language = {English}
}

@INPROCEEDINGS{keyes99,
  author = {Baggag, A. and Atkins, H. and Keyes, D.E.},
  title = {{Parallel Implementation of the Discontinuous Galerkin Method}},
  booktitle = {Proceedings of Parallel CFD'99},
  pages = {115-122},
  year = {1999}
} 

@ARTICLE{KK04,
  author = {Knoll, D.A. and Keyes, D.E.},
  title = {Jacobian-free {N}ewton-{K}rylov methods: A survey of approaches and
	applications},
  journal = {J. Comput. Phys.},
  year = {2004},
  volume = {193},
  pages = {357-397},
  number = {2}
}

@ARTICLE{Korteweg1901,
  author = {Korteweg, D.J.},
  title = {Sur la forme que prennent les �quations du mouvement des fluides
	si l'on tient compte des forces capillaires caus�es par des variations
	de densit� consid�rables mais continues et sur la th�orie de la capillarit�
	dans l'hypoth�se d'une variation continue de la densit�},
  journal = {Arch. N�erl. (2)},
  year = {1901},
  volume = {6},
  pages = {1-24}
}

@ARTICLE{Kot2,
  author = {Kotschote, M.},
  title = {Strong well-posedness for a {K}orteweg type model for the dynamics
	of a compressible non-isothermal fluid},
  journal = {Preprint, Mathematisches Institut, Leipzig}
}

@ARTICLE{Kot,
  author = {Kotschote, M.},
  title = {Strong solutions for a compressible fluid model of {K}orteweg type},
  journal = {Preprint, Mathematisches Institut, Leipzig},
  year = {2006}
}

@ARTICLE{KrausDreyer06,
  author = {Kraus, C. and Dreyer, W.},
  title = {The sharp interface limit of the van der Waals--Cahn--Hilliard phase
	model for fixed and time dependent domains},
  journal = {WIAS Preprint No. 1103},
  year = {2006}
}

@MASTERSTHESIS{Kra08,
  author = {Kr{\"a}nkel, M.},
  title = {Local {D}iscontinuous {G}alerkin {M}ethoden f\"ur elliptische {D}ifferentialgleichungen
	und das {S}tokes {S}ystem},
  school = {{Universit{\"a}t Freiburg}},
  year = {2008}
}

@BOOK{ChefBuch,
  title = {Numerical Schemes for Conservation Laws},
  publisher = {Wiley \& Teubner},
  year = {1997},
  author = {Kr{\"o}ner, D.},
  address = {Stuttgart}
}

@PHDTHESIS{flens,
  author = {Lehn, M.L.},
  title = {{FLENS} A flexible library for efficient numerical solutions},
  school = {Fakult\"at f\"ur Mathematik und Wirtschaftswissenschaften, Universit\"at
	Ulm},
  year = {2008},
  note = {\url{http://flens.sourceforge.net/}}
}

@BOOK{LeVeque90,
  title = {Numerical Methods for Conservation Laws},
  publisher = {Birkh\"auser},
  year = {1990},
  author = {LeVeque, R.},
  address = {Basel}
}

@MISC{GNUMP,
  author = {GNU Multiple Precision Arithmetic Library},
  howpublished = {http://www.swox.com/gmp/}
}

@INPROCEEDINGS{ierk45,
  author = {Lindblad, E. and Valiev, D.M. and M{\"u}ller, B. and Rantakokko,
	J. and L{\"o}tstedt, P. and Liberman, M.A.},
  title = {{Implicit-Explicit Runge-Kutta Method for Combustion Simulation}},
  booktitle = {{European Conference on Computational Fluid Dynamics ECCOMAS CFD}},
  year = {2006},
  editor = {Wesseling, P. and Oñate, E. and Periaux, J.},
  publisher = {TU Delft, The Netherlands}
}

@MISC{Liu2009,
  author = {Liu, H. and Yan, J.},
  title = {{The Direct Discontinuous Galerkin (DDG) method for diffusion with
	interface corrections}},
  month = {November},
  year = {2009},
  language = {English},
  owner = {slavko},
  timestamp = {2010.04.28},
  url = {http://orion.math.iastate.edu/hliu/Pub/preprint/DDGIC-revised-1116-2009.pdf}
}

@MISC{Liu2009a,
  author = {Liu, H. and Yan, J.},
  title = {The Direct Discontinuous Galerkin (DDG) methods for diffusion problems},
  month = {January},
  year = {2009},
  owner = {slavko},
  timestamp = {2010.04.28}
}

@MISC{Atkins99,
  author = {D. Lockard and H. Atkins},
  title = {Efficient implementations of the quadrature-free discontinuous galerkin
	method},
  year = {1999},
  text = {Lockard, D. P., and Atkins, H. L. Efficient implementations of the
	quadrature-free discontinuous galerkin method. AIAA Paper No. 99-3309,
	July 1999.},
  url = {citeseer.ist.psu.edu/article/lockard99efficient.html}
}

@INPROCEEDINGS{mimfindiff:08,
  author = {Manzini, G.},
  title = {{The Mimetic Finite Difference Method}},
  booktitle = {Proc. of the 5th International Symposium on Finite Volumes for Complex
	Applications},
  year = {2008},
  pages = {119-134},
  editors = {Eymard, R. and H{\Acute{e}}rard, J. - M.}
}

@ARTICLE{mitchell:89,
  author = {Mitchell, W. F.},
  title = {{A comparison of adaptive refinement techniques for elliptic problems.}},
  journal = {ACM Trans. Math. Softw.},
  year = {1989},
  volume = {15},
  pages = {326-347},
  number = {4},
  language = {English}
}

@ARTICLE{Ohlberger01,
  author = {Ohlberger, M.},
  title = {A {P}osteriori {E}rror {E}stimates for {F}inite {V}olume {A}pproximations
	to {S}ingularly {P}erturbed {N}onlinear {C}onvection--{D}iffusion
	{E}quations},
  journal = {Numer. Math.},
  year = {2001},
  volume = {87},
  pages = {737--761},
  number = {4}
}

@ARTICLE{OV06,
  author = {Ohlberger, M. and Vovelle, J.},
  title = {Error {E}stimate for the {A}pproximation of {N}on--{L}inear {C}onservation
	{L}aws on {B}ounded {D}omains by the {F}inite {V}olume {M}ethod},
  journal = {Math. Comput.},
  year = {2006},
  volume = {75},
  pages = {113--150},
  number = {253}
}

@ARTICLE{PR03,
  author = {Pareschi, L. and Russo, G.},
  title = {Implicit-Explicit {R}unge-{K}utta Schemes and Applications to Hyperbolic
	Systems with Relaxation},
  journal = {J. Sci. Comput.},
  year = {2005},
  volume = {25},
  pages = {129-155},
  number = {1}
}

@inproceedings{persson09,
  author = {P.-O. Persson},
  title = {{Scalable Parallel Newton-Krylov Solvers for Discontinuous Galerkin Discretizations}},
  booktitle = {Proc. of the 47th AIAA Aerospace Sciences Meeting and Exhibit},
  year = {2009}
}

@article{nair09,
  author = {Nair, R.D. and Choi, H.W. and Tufo, H.M.},
  title = {{Computational aspects of a scalable high-order 
            discontinuous Galerkin atmospheric dynamical core}},
  journal = {Computers and Fluids},
  volume = {30},
  pages = {309–319},
  year = {2009}
}

@article{Kelly2012,
title = "Continuous and Discontinuous Galerkin Methods for a Scalable Three-Dimensional Nonhydrostatic Atmospheric Model: Limited-Area Mode",
journal = "Journal of Computational Physics",
volume = "",
year = "2012",
note = "",
issn = "0021-9991",
doi = "10.1016/j.jcp.2012.04.042",
url = "http://www.sciencedirect.com/science/article/pii/S0021999112002252?v=s5",
author = "James F. Kelly and Francis X. Giraldo",
keywords = "Compressible flow",
keywords = "Element-based Galerkin method",
keywords = "Euler",
keywords = "Navier-Stokes",
keywords = "Parallelization"
}

@ARTICLE{cdg:07,
  author = {J. Peraire and P.-O. Persson},
  title = {The {C}ompact {D}iscontinuous {G}alerkin {(CDG)} {M}ethod for {E}lliptic
	{P}roblems.},
  journal = {SIAM J. Sci. Comput.},
  year = {2008},
  volume = {30},
  pages = {1806-1824},
  number = {4}
}

@TECHREPORT{RH73,
  author = {Reed, W.H. and Hill, T.R.},
  title = {Triangular mesh methods for the neutron transport equation},
  institution = {Los Alamos National Laboratory},
  year = {1973},
  number = {LA-UR-73-479}
}

@ARTICLE{GiRe09,
  author = {Restelli, M. and Giraldo, F.},
  title = {A Conservative Discontinuous Galerkin Semi-Implicit Formulation for
	the Navier-Stokes Equations in Nonhydrostatic Mesoscale Modeling},
  journal = {J. Sci. Comput.},
  year = {2009},
  volume = {31},
  pages = {2231-2257}
}

@PHDTHESIS{ChristianHabil,
  author = {Rohde, C.},
  title = {Approximation of Solutions of Conservation Laws by Non-Local Regularization
	and Discretization},
  school = {{Universit{\"a}t Freiburg}},
  year = {2004}
}

@BOOK{SaadBook,
  title = {{Iterative methods for sparse linear systems. 2nd ed.}},
  publisher = {{Philadelphia, PA: SIAM Society for Industrial and Applied Mathematics.
	xviii}},
  year = {2003},
  author = {Saad, Y.},
  url = {http://www-users.cs.umn.edu/~saad/books.html}
}

@ARTICLE{Saad93,
  author = {Saad, Y},
  title = {A flexible inner-outer preconditioned GMRES algorithm.},
  journal = {SIAM J. Sci. Comput.},
  year = {1993},
  volume = {14},
  pages = {461-469},
  number = {2}
}

@ARTICLE{SS86,
  author = {Saad, Y. and Schultz, M.H.},
  title = {GMRES: A generalized minimal residual algorithm for solving nonsymmetric
	linear systems},
  journal = {SIAM J. Sci. Stat. Comput.},
  year = {1986},
  volume = {7},
  pages = {856-869}
}

@ARTICLE{gmres:86,
  author = {Saad, Y. and Schultz, M. H.},
  title = {{GMRES: A generalized minimal residual algorithm for solving nonsymmetric
	linear systems.}},
  journal = {SIAM J. Sci. Stat. Comput.},
  year = {1986},
  volume = {7},
  pages = {856-869}
}

@ARTICLE{SM95,
  author = {Sainz de la Maza, E. and Maeztu, J. I.},
  title = {An invariant quadrature rule of degree 11 for the tetrahedron.},
  journal = {C. R. Acad. Sci., Paris, S�r.~I},
  year = {1995},
  volume = {321},
  pages = {1263-1267},
  number = {9}
}

@BOOK{alberta:05,
  title = {{D}esign of {A}daptive {F}inite {E}lement {S}oftware -- {T}he {F}inite
	{E}lement {T}oolbox {ALBERTA}},
  publisher = {Springer},
  year = {2005},
  author = {Schmidt, A. and Siebert, K.G.}
}

@PHDTHESIS{bs99,
  author = {Schupp, B.},
  title = {{Entwicklung eines effizienten Verfahrens zur Simulation kompressibler
	Str{\"o}mungen in 3D auf Parallelrechnern}},
  school = {{Universit{\"a}t Freiburg}},
  year = {1999},
  note = {\url{http://www.freidok.uni-freiburg.de/volltexte/68/}}
}

@BOOK{Serre99,
  title = {Systems of {C}onservation {L}aws},
  publisher = {Cambridge University Press},
  year = {1999},
  author = {Serre, D.}
}

@INCOLLECTION{Shewchuk96,
  author = {Shewchuk, J.R.},
  title = {Triangle: {E}ngineering a {2D} {Q}uality {M}esh {G}enerator and {D}elaunay
	{T}riangulator},
  booktitle = {Applied Computational Geometry: Towards Geometric Engineering},
  publisher = {Springer-Verlag},
  year = {1996},
  editor = {Ming C. Lin and Dinesh Manocha},
  volume = {1148},
  series = {Lecture Notes in Computer Science},
  pages = {203--222},
  month = may,
  note = {From the First ACM Workshop on Applied Computational Geometry}
}

@MISC{ShuDifferent,
  author = {Shu, C.-W.},
  title = {Different Formulations Of The {D}iscontinuous {G}alerkin Method For
	The Viscous Terms}
}

@ARTICLE{ShuOsher89,
  author = {Shu, C.-W. and Osher, S.},
  title = {Efficient implementation of essentially nonoscillatory shock-capturing
	schemes. {II}.},
  journal = {J. Comput. Phys.},
  year = {1989},
  volume = {83},
  pages = {32-78},
  number = {1}
}

@ARTICLE{ShuOsher88,
  author = {Shu, C.-W. and Osher, S.},
  title = {Efficient implementation of essentially nonoscillatory shock-capturing
	schemes},
  journal = {J. Comput. Phys.},
  year = {1988},
  volume = {77},
  pages = {439-471},
  number = {2}
}

@TECHREPORT{Si05,
  author = {Si, H.},
  title = {Tet{G}en, A quality tetrahedral mesh generator and three-dimensional
	Delaunay triangulator},
  institution = {Berlin, Germany: Res. Group Numer. Math. Sci. Comput., Weierstrass
	Inst. Appl. Anal. Stochast.},
  year = {2005}
}

@ARTICLE{Slemrod83,
  author = {Slemrod, M.},
  title = {Admissibility Criteria for Propagating Phase Boundaries in a van
	der {W}aals Fluid},
  journal = {ARCRM},
  year = {1983},
  volume = {81},
  pages = {301--315}
}

@BOOK{Stoer99,
  title = {Numerische Mathematik 1},
  publisher = {Springer, Berlin, Heidelberg, New York},
  year = {1999},
  author = {Stoer, J.}
}

@BOOK{SW95,
  title = {Numerik gew\"ohnlicher Differentialgleichungen},
  publisher = {Teubner Studienb\"ucher: Mathematik. Stuttgart: Teubner. 462 p.},
  year = {1995},
  author = {Strehmel, K. and Weiner, R.}
}

@BOOK{Stroud71,
  title = {Approximate calculation of multiple integrals},
  publisher = {Prentice-Hall Series in Automatic Computation. Englewood Cliffs,
	New Jersey: Prentice-Hall, Inc. XIII},
  year = {1971},
  author = {Stroud, A.H.}
}

@ARTICLE{Su90,
  author = {Suliciu, I.},
  title = {{On modelling phase transitions by means of rate type constitutive
	equations.}},
  journal = {Int. J.Engng. Sci.},
  year = {1990},
  volume = {28},
  pages = {827-841}
}

@BOOK{Toro99,
  title = {Riemann solvers and numerical methods for fluid dynamics. A practical
	introduction. 2nd ed.},
  publisher = {Berlin, Springer},
  year = {1999},
  author = {Toro, E.F.}
}

@BOOK{Toro1997,
  title = {Riemann Solvers and Numerical Methods for Fluid Dynamics},
  publisher = {Springer},
  year = {1997},
  author = {Toro, E. F.},
  owner = {slavko},
  timestamp = {2010.08.17}
}

@PHDTHESIS{Trescher05,
  author = {Trescher, D.},
  title = {Development of an efficient 3-D CFD software to simulate and visualize
	the scavenging of a two-stroke engine},
  school = {{Universit{\"a}t Freiburg}},
  year = {2005}
}

@ARTICLE{VH93,
  author = {Vilsmeier, R. and H{\"a}nel, D.},
  title = {Adaptive {M}ethods on {U}nstructured {G}rids for {E}uler and {N}avier--{S}tokes
	{E}quations},
  journal = {Computers Fluids},
  year = {1993},
  volume = {22},
  pages = {485--499},
  number = {4/5}
}

@ARTICLE{vdV92,
  author = {van der Vorst, H.A.},
  title = {{BiCGSTAB}: A fast and smoothly converging variant of {BiCG} for
	the solution of non-symmetric linear systems},
  journal = {SIAM J. Sci. Stat. Comput.},
  year = {1992},
  volume = {13}
}

@ARTICLE{vorst:92,
  author = {H. A. van der Vorst},
  title = {{Bi-CGSTAB}: A Fast and Smoothly Converging Variant of Bi-CG for
	the Solution of Nonsymmetric Linear Systems},
  journal = {SIAM J. Sci. Stat. Comput.},
  year = {1992},
  volume = {13},
  pages = {631-644},
  number = {2}
}

@ARTICLE{vdW1894,
  author = {van der Waals, J.D.},
  title = {{T}hermodynamische {T}heorie der {K}apillarit\"at unter {V}oraussetzung
	stetiger {D}ichte\"anderung},
  journal = {Z. Phys. Chem.},
  year = {1894},
  volume = {13},
  pages = {657--725}
}

@PHDTHESIS{vdW1873,
  author = {van der Waals, J.D.},
  title = {Die {K}ontinuit{\"a}t des gasf{\"o}rmigen und fl{\"u}ssigen {Z}ustandes},
  school = {Leiden},
  year = {1873}
}

@TECHREPORT{Walkington2000,
  author = {Walkington, N.J.},
  title = {Quadrature on Simplices of Arbitrary Dimension},
  institution = {Carnegie Mellon University, Pittsburgh},
  year = {2000}
}

@MISC{aluweb,
  author = {Website},
  title = {{ALUG}rid -- \underline{A}daptive, \underline{L}oad-balanced, and
	\underline{U}nstructured \underline{Grid} library},
  note = {url{http://www.mathematik.uni-freiburg.de/IAM/Research/alugrid/}}
}

@MISC{ATLASsite,
  author = {Website},
  title = {{ATLAS}},
  howpublished = {http://math-atlas.sourceforge.net/}
}

@MISC{dunefemweb,
  author = {Website},
  title = {dunefem -- {T}he {FEM} {M}odule},
  note = {url{http://dune.mathematik.uni-freiburg.de/}}
}

@TECHREPORT{duneweb,
  author = {Website},
  title = {{DUNE -- \underline{D}istributed and \underline{U}nified \underline{N}umerics
	\underline{E}nvironment}},
  note = {url{http://www.dune-project.org}}
}

@MISC{gnuplot,
  author = {Website},
  title = {GnuPlot},
  note = {url{http://www.gnuplot.info/}}
}

@MISC{LAMsite,
  author = {Website},
  title = {{LAM/MPI}},
  howpublished = {http://www.lam-mpi.org/}
}

@MISC{metisweb,
  author = {Website},
  title = {{METIS}},
  note = {url{http://glaros.dtc.umn.edu/gkhome/views/metis/}}
}

@MISC{oonumerics,
  author = {Website},
  title = {Scientific computing in object-oriented languages},
  note = {url{http://www.oonumerics.org/oon/}}
}

@MISC{paraview,
  author = {Website},
  title = {{ParaView}},
  note = {url{http://www.paraview.org/}}
}

@MISC{ParMETISsite,
  author = {Website},
  title = {METIS/ParMETIS},
  note = {url{http://www-users.cs.umn.edu/~karypis/metis/}}
}

@MISC{umfpackpage,
  author = {Website},
  title = {{UMFPACK}},
  note = {url{http://www.cise.ufl.edu/research/sparse/umfpack/}}
}

@MISC{visit,
  author = {Website},
  title = {{VISIT}},
  note = {url{https://wci.llnl.gov/codes/visit/}}
}

@MISC{vtk,
  author = {Website},
  title = {{VTK}},
  note = {url{http://www.vtk.org/}}
}

@PHDTHESIS{wesen:03,
  author = {Wesenberg, M.},
  title = {Efficient Finite -- Volume Schemes for Magnetohydrodynamics Simulations
	in Solar Physics},
  school = {Universit{\"a}t Freiburg},
  year = {2003}
}

@ARTICLE{ATLAS,
  author = {Whaley, R.C. and Petitet, A. and Dongarra, J.J.},
  title = {Automated Empirical Optimization of Software and the {ATLAS} Project},
  journal = {Parallel Computing},
  year = {2001},
  volume = {2},
  pages = {3-25},
  number = {1-2}
}

@ARTICLE{wc:84,
  author = {Woodward, Paul and Colella, Phillip},
  title = {{The numerical simulation of two-dimensional fluid flow with strong
	shocks.}},
  journal = {J. Comput. Phys. },
  year = {1984},
  volume = {54},
  pages = {115-173},
  language = {English}
}

@ARTICLE{Yan2002,
  author = {Yan, J. and Shu C.-W.},
  title = {Local discontinuous Galerkin methods for partial differential equations
	with higher order derivatives},
  journal = {J.~Sci.~Comput.},
  year = {2002},
  volume = {17},
  pages = {22-47},
  owner = {slavko},
  timestamp = {2010.05.17}
}

@ARTICLE{YanShu02,
  author = {Yan, J. and Shu, C.-W.},
  title = {A local discontinuous Galerkin method for KdV type equations},
  journal = {SIAM J. Numer. Anal.},
  year = {2002},
  volume = {40},
  pages = {769-791}
}

@ARTICLE{YohZhong1,
  author = {Yoh, J. J. and Zhong, X.},
  title = {New Hybrid {R}unge-{K}utta Methods for Unsteady Reactive Flow Simulation},
  journal = {AIAA Journal},
  year = {2004},
  volume = {42},
  pages = {1593-1600},
  number = {8}
}

@ARTICLE{YohZhong2,
  author = {Yoh, J. J. and Zhong, X.},
  title = {New Hybrid {R}unge-{K}utta Methods for Unsteady Reactive Flow Simulation:
	Applications},
  journal = {AIAA Journal},
  year = {2004},
  volume = {42},
  pages = {1600-1611},
  number = {8}
}

@ARTICLE{ZS04,
  author = {Zhang, Q. and Shu, C.-W.},
  title = {Error estimates to smooth solutions of {R}unge-{K}utta discontinuous
	{G}alerkin methods for scalar conservation laws},
  journal = {SIAM J. Numer. Anal.},
  year = {2004},
  volume = {42},
  pages = {641-666},
  number = {2}
}

@ARTICLE{Zhang95,
  author = {Zhang, S.},
  title = {Successive subdivisions of tetrahedra and multigrid methods on tetrahedral
	meshes},
  journal = {Houston J. Math.},
  year = {1995},
  volume = {21},
  pages = {541-556},
  number = {3}
}

@MISC{petsc,
  title = {{Portable, Extensible Toolkit for Scientific Computation (PETSc)}},
  note = {\url{http://www.mcs.anl.gov/petsc/petsc-as/}}
}

@TechReport{petsc-user-ref,
Author      = "Balay, S. and Brown, J. and Buschelman, K. and Eijkhout, V. and Gropp, W.D. and Kaushik, D. and Knepley, M.G. and Curfman McInnes, L. and Smith, B.F. and Zhang, H.",
Title       = "{PETS}c Users Manual",
Number      = "ANL-95/11 - Revision 3.1",
Institution = "Argonne National Laboratory",
Year        = "2010"
}

@Article{slepcpaper,
   author  = "Hernandez, V. and Roman, J.E. and Vidal, V.",
   title   = "{SLEPc}: A Scalable and Flexible Toolkit for the Solution of Eigenvalue Problems",
   journal = "ACM Transactions on Mathematical Software",
   volume  = "31",
   number  = "3",
   pages   = "351--362",
   month   = sep,
   year    = "2005"
}


@MISC{slepc,
  title = {{Scalable Library for Eigenvalue Problem Computations (SLEPc)}},
  note = {\url{http://www.grycap.upv.es/slepc/}}
}


@article{Guermond2011,
title = "Entropy viscosity method for nonlinear conservation laws",
journal = "Journal of Computational Physics",
volume = "230",
number = "11",
pages = "4248 - 4267",
year = "2011",
note = "Special issue High Order Methods for CFD Problems",
issn = "0021-9991",
doi = "DOI: 10.1016/j.jcp.2010.11.043",
url = "http://www.sciencedirect.com/science/article/B6WHY-51NG4SF-3/2/f9a60ba7671df94b85bfe3081db4e1b9",
author = "Guermond, J.-L. and Pasquetti, R. and Popov, B."
}

@misc{feist:08,
author="Feistauer, M. and Ku\v{c}era, V.",
title="{A new technique for the numerical solution of the compressible Euler
    equations with arbitrary Mach numbers.}",
howpublished="{Benzoni-Gavage, Sylvie (ed.) et al., Hyperbolic problems. Theory,
    numerics and applications. Proceedings of the 11th international conference
    on hyperbolic problems, Ecole Normale Sup\'erieure, Lyon, France, July
    17--21, 2006. Berlin: Springer. 523-531 (2008).}",
year="2008",
}

@ARTICLE{Sobotikova2007,
  author = {Sobotíková, V. and Feistauer},
  title = {Effect of Numerical Integration in the DGFEM for Nonlinear Convection-Diffusion
	Problems},
  journal = {Numer. Methods Partial Differ. Equations},
  year = {2007},
  volume = {23 (6)},
  owner = {slavko},
  timestamp = {2011.02.21}
}


@ARTICLE{Feistauer2011,
  author = {Feistauer, M. and Kučera, V. and Najzar, K. and Prokopová, J.},
  title = {Analysis of space–time discontinuous Galerkin method for nonlinear
	convection–diffusion problems},
  journal = {Numer. Math.},
  year = {2011},
  volume = {117},
  pages = {251–288},
  owner = {slavko},
  timestamp = {2011.02.21}
}

@article{dipietro:08,
author="Di Pietro, D. and Ern, A. and Guermond, J.-L.",
title="{Discontinuous Galerkin methods for anisotropic semidefinite diffusion
    with advection.}",
language="English",
journal="SIAM J. Numer. Anal. ",
volume="46",
number="2",
pages="805-831",
year="2008",
doi={10.1137/060676106}
}


